
@book{andersen2012statistical,
  title={Statistical Models Based on Counting Processes},
  author={Andersen, Per Kragh and Borgan, Ornulf and Gill, Richard D and Keiding, Niels},
  year={2012},
  publisher={Springer Science \& Business Media}
}

@article{smith1998clintrials,
  title={Fifty years of randomized controlled trials},
  author={Smith, Richard},
  journal={BMJ},
  volume={317},
  pages={0},
  year={1998},
  publisher={BMJ Publishing Group}
}


@article{jefferson1985letters,
  title={Letters, 1760--1826},
  author={Peterson, Merrill},
  journal={Ed. Merrill D. Peterson. New York: Viking},
  year={1985}
}

@book{graunt2008natural,
  title={Natural and Political Observations made upon the Bills of Mortality},
  author={Graunt, John},
  number={2},
  year={2008},
  publisher={Evergreen Review, Inc}
}

@article{cox1972regression,
  title={Regression models and life-tables},
  author={Cox, David R},
  journal={Journal of the Royal Statistical Society. Series B (Methodological)},
  pages={187--220},
  year={1972},
  publisher={JSTOR}
}

%% almost 40,000 citations

@book{kalbfleisch2011statistical,
  title={The Statistical Analysis of Failure Time Data},
  author={Kalbfleisch, John D and Prentice, Ross L},
  volume={360},
  year={2011},
  publisher={John Wiley \& Sons}
}

%% roughly 13,000 citations

@article{1958nonpakaplanrametric,
  title={Nonparametric estimation from incomplete observations},
  author={Kaplan, Edward L and Meier, Paul},
  journal={Journal of the American Statistical Association},
  volume={53},
  number={282},
  pages={457--481},
  year={1958},
  publisher={Taylor \& Francis}
}%% roughly 46,000 citations

@article{cox1975partial,
  title={Partial likelihood},
  author={Cox, David R},
  journal={Biometrika},
  volume={62},
  number={2},
  pages={269--276},
  year={1975},
  publisher={Biometrika Trust}
}

%% roughly 3,000 citations

@misc{mann1974methodsfor,
  title={Methods for the Statistical Analysis of Reliability and Life Data},
  author={Mann, Nancy R and Schafer, Raye and Singpurwalla, Nozer D},
  year={1974},
  publisher={New York: John Wiley}
}

%% cited 5 times!

@article{gill1980censoring,
  title={Censoring and Stochastic Integrals},
  author={Gill, Richard D},
  journal={Statistica Neerlandica},
  volume={34},
  number={2},
  pages={124--124},
  year={1980},
  publisher={Wiley Online Library}
}

%%  769 citations

@article{prentice1978linear,
  title={Linear rank tests with right censored data},
  author={Prentice, Ross L},
  journal={Biometrika},
  volume={65},
  number={1},
  pages={167--179},
  year={1978},
  publisher={Biometrika Trust}
}

%% 623 citations

@book{therneau2000modeling,
  title={Modeling Survival Data: Extending the Cox Model},
  author={Therneau, Terry M and Grambsch, Patricia M},
  year={2000},
  publisher={Springer Science \& Business Media}
}

%% approximately 3400 citations

@article{breslow1974covariance,
  title={Covariance analysis of censored survival data},
  author={Breslow, Norman},
  journal={Biometrics},
  pages={89--99},
  year={1974},
  publisher={JSTOR}
}

%% 1600 citations

@article{feigl1965estimation,
  title={Estimation of exponential survival probabilities with concomitant information},
  author={Feigl, Polly and Zelen, Marvin},
  journal={Biometrics},
  pages={826--838},
  year={1965},
  publisher={JSTOR}
}

%% 327 citations

@article{buckley1979linear,
  title={Linear regression with censored data},
  author={Buckley, Jonathan and James, Ian},
  journal={Biometrika},
  volume={66},
  number={3},
  pages={429--436},
  year={1979},
  publisher={Biometrika Trust}
}
%% 843 citations


@book{kalbfleisch1980statistical,
  title={The statistical analysis of failure time data},
  author={Kalbfleisch, John D and Prentice, Ross L},
  volume={360},
  year={1980},
  publisher={John Wiley \& Sons}
}

%%  approx 13,000 citations


@article{turnbull1976empirical,
  title={The empirical distribution function with arbitrarily grouped, censored and truncated data},
  author={Turnbull, Bruce W},
  journal={Journal of the Royal Statistical Society. Series B (Methodological)},
  pages={290--295},
  year={1976},
  publisher={JSTOR}
}

%% 1400 citations

@article{koul1981regression,
  title={Regression analysis with randomly right-censored data},
  author={Koul, H and Susarla, V and Van Ryzin, J},
  journal={The Annals of Statistics},
  pages={1276--1288},
  year={1981},
  publisher={JSTOR}
}

%% 445 citations

@article{tsiatis1990estimating,
  title={Estimating regression parameters using linear rank tests for censored data},
  author={Tsiatis, Anastasios A},
  journal={The Annals of Statistics},
  pages={354--372},
  year={1990},
  publisher={JSTOR}
}

%% 387 citations

@article{mantel1966evaluation,
  title={Evaluation of survival data and two new rank order statistics arising in its consideration.},
  author={Mantel, Nathan},
  journal={Cancer chemotherapy reports. Part 1},
  volume={50},
  number={3},
  pages={163--170},
  year={1966}
}

%% 6900 citations  article not available online

@article{wong1986theory,
  title={Theory of partial likelihood},
  author={Wong, Wing Hung},
  journal={The Annals of Statistics},
  pages={88--123},
  year={1986},
  publisher={JSTOR}
}

%% 170 citations

%%  sequential designs

@article{pocock1977group,
  title={Group sequential methods in the design and analysis of clinical trials},
  author={Pocock, Stuart J},
  journal={Biometrika},
  volume={64},
  number={2},
  pages={191--199},
  year={1977},
  publisher={Biometrika Trust}
}

%% 1245 citations

@article{o1979multiple,
  title={A multiple testing procedure for clinical trials},
  author={O'Brien, Peter C and Fleming, Thomas R},
  journal={Biometrics},
  pages={549--556},
  year={1979},
  publisher={JSTOR}
}

%% 2200 citations

@book{fleming2011counting,
  title={Counting processes and survival analysis},
  author={Fleming, Thomas R and Harrington, David P},
  volume={169},
  year={1991},
  publisher={John Wiley \& Sons}
}

%% 2200 citations


@article{lan1983discrete,
  title={Discrete sequential boundaries for clinical trials},
  author={Lan, KK Gordon and DeMets, David L},
  journal={Biometrika},
  volume={70},
  number={3},
  pages={659--663},
  year={1983},
  publisher={Biometrika Trust}
}

%%  1500 citations

@article{tsiatis1981asymptotic,
  title={The asymptotic joint distribution of the efficient scores test for the proportional hazards model calculated over time},
  author={Tsiatis, Anastasios A},
  journal={Biometrika},
  volume={68},
  number={1},
  pages={311--315},
  year={1981},
  publisher={Biometrika Trust}
}

%% 132 citations  Paper published as miscellanea, may not be what I was looking for

@article{tsiatis1982repeated,
  title={Repeated significance testing for a general class of statistics used in censored survival analysis},
  author={Tsiatis, Anastasios A},
  journal={Journal of the American Statistical Association},
  volume={77},
  number={380},
  pages={855--861},
  year={1982},
  publisher={Taylor \& Francis}
}

%% 150 citations

@article{efron1977efficiency,
  title={The efficiency of Cox's likelihood function for censored data},
  author={Efron, Bradley},
  journal={Journal of the American statistical Association},
  volume={72},
  number={359},
  pages={557--565},
  year={1977},
  publisher={Taylor \& Francis Group}
}

%%  850 citations

@article{breslow1974large,
  title={A large sample study of the life table and product limit estimates under random censorship},
  author={Breslow, Norman and Crowley, John},
  journal={The Annals of Statistics},
  volume={2},
  number={3},
  pages={437--453},
  year={1974},
  publisher={Institute of Mathematical Statistics}
}

%% 769 citations

@book{cox1984analysis,
  title={Analysis of survival data},
  author={Cox, David Roxbee and Oakes, David},
  volume={21},
  year={1984},
  publisher={CRC Press}
}

%% 770 citations

@article{armitage1960sequential,
  title={Sequential medical trials.},
  author={Armitage, PMA},
  journal={Sequential Medical Trials.},
  year={1960},
  publisher={Charles C Thomas}
}

%% 1125 citations

@book{whitehead1997design,
  title={The design and analysis of sequential clinical trials},
  author={Whitehead, John},
  year={1997},
  publisher={John Wiley \& Sons}
}

%%  937 citations

@article{aalen1978nonparametric,
  title={Nonparametric inference for a family of counting processes},
  author={Aalen, Odd},
  journal={The Annals of Statistics},
  pages={701--726},
  year={1978},
  publisher={JSTOR}
}

%% 1200 citations

@article{tsiatis1981large,
  title={A large sample study of Cox's regression model},
  author={Tsiatis, Anastasios A},
  journal={The Annals of Statistics},
  pages={93--108},
  year={1981},
  publisher={JSTOR}
}

%% 464 citations

@article{andersen1982cox,
  title={Cox's regression model for counting processes: a large sample study},
  author={Andersen, Per Kragh and Gill, Richard D},
  journal={The annals of statistics},
  pages={1100--1120},
  year={1982},
  publisher={JSTOR}
}

%% 2677 citations

@book{andersen1993statistical,
  title={Statistical models based on counting processes},
  author={Andersen, Per Kragh and Borgan, Ornulf and Gill, Richard D and Keiding, Niels},
  year={1993},
  publisher={Springer Science \& Business Media}
}

%% 3656 citations

@article{pocock1977group,
  title={Group sequential methods in the design and analysis of clinical trials},
  author={Pocock, Stuart J},
  journal={Biometrika},
  volume={64},
  number={2},
  pages={191--199},
  year={1977},
  publisher={Biometrika Trust}
}

% 1245 citations

@article{o1979multiple,
  title={A multiple testing procedure for clinical trials},
  author={O'Brien, Peter C and Fleming, Thomas R},
  journal={Biometrics},
  pages={549--556},
  year={1979},
  publisher={JSTOR}
}

%% approx 2200 citations

@article{demets1994interim,
  title={Interim analysis: the alpha spending function approach},
  author={Demets, David L and Lan, KK},
  journal={Statistics in medicine},
  volume={13},
  number={13-14},
  pages={1341--1352},
  year={1994},
  publisher={Wiley Online Library}
}

@article{lan1983discrete,
  title={Discrete sequential boundaries for clinical trials},
  author={Lan, KK Gordon and DeMets, David L},
  journal={Biometrika},
  volume={70},
  number={3},
  pages={659--663},
  year={1983},
  publisher={Biometrika Trust}
}

%% approx 1500 citations

@article{robins1991correcting,
  title={Correcting for non-compliance in randomized trials using rank preserving structural failure time models},
  author={Robins, James M and Tsiatis, Anastasios A},
  journal={Communications in statistics-Theory and Methods},
  volume={20},
  number={8},
  pages={2609--2631},
  year={1991},
  publisher={Taylor \& Francis}
}

%%  208 citations  not available in Hollis

@article{robins1998correction,
  title={Correction for non-compliance in equivalence trials},
  author={Robins, James M},
  journal={Statistics in medicine},
  volume={17},
  number={3},
  pages={269--302},
  year={1998}
}

@book{imbens2015causal,
  title={Causal Inference in Statistics, Social, and Biomedical Sciences},
  author={Imbens, Guido W and Rubin, Donald B},
  year={2015},
  publisher={Cambridge University Press}
}

@article{frangakis2002principal,
  title={Principal stratification in causal inference},
  author={Frangakis, Constantine E and Rubin, Donald B},
  journal={Biometrics},
  volume={58},
  number={1},
  pages={21--29},
  year={2002},
  publisher={Wiley Online Library}
}

% 800 citations

@article{angrist1996identification,
  title={Identification of causal effects using instrumental variables},
  author={Angrist, Joshua D and Imbens, Guido W and Rubin, Donald B},
  journal={Journal of the American statistical Association},
  volume={91},
  number={434},
  pages={444--455},
  year={1996},
  publisher={Taylor \& Francis}
}

% 3329 citations
@article{kim2010using,
  title={Using the instrumental variables estimator to analyze noninferiority trials with noncompliance},
  author={Kim, Mimi Y},
  journal={Journal of biopharmaceutical statistics},
  volume={20},
  number={4},
  pages={745--758},
  year={2010},
  publisher={Taylor \& Francis}
}

@article{rosenbaum1983central,
  title={The central role of the propensity score in observational studies for causal effects},
  author={Rosenbaum, Paul R and Rubin, Donald B},
  journal={Biometrika},
  volume={70},
  number={1},
  pages={41--55},
  year={1983},
  publisher={Biometrika Trust}
}


@article{wei1978randomized,
  title={The randomized play-the-winner rule in medical trials},
  author={Wei, LJ and Durham, S},
  journal={Journal of the American Statistical Association},
  volume={73},
  number={364},
  pages={840--843},
  year={1978},
  publisher={Taylor \& Francis Group}
}

% 395 citations

@article{zelen1969play,
  title={Play the winner rule and the controlled clinical trial},
  author={Zelen, Marvin},
  journal={Journal of the American Statistical Association},
  volume={64},
  number={325},
  pages={131--146},
  year={1969},
  publisher={Taylor \& Francis Group}
}

% 444 citations

@article{gallo2006adaptive,
  title={Adaptive designs in clinical drug development - an executive summary of the PhRMA working group},
  author={Gallo, Paul and Chuang-Stein, Christy and Dragalin, Vladimir and Gaydos, Brenda and Krams, Michael and Pinheiro, Jos{\'e}},
  journal={Journal of biopharmaceutical statistics},
  volume={16},
  number={3},
  pages={275--283},
  year={2006},
  publisher={Taylor \& Francis}
}

% 191 citations

@article{tsiatis2003inefficiency,
  title={On the inefficiency of the adaptive design for monitoring clinical trials},
  author={Tsiatis, Anastasios A and Mehta, Cyrus},
  journal={Biometrika},
  volume={90},
  number={2},
  pages={367--378},
  year={2003},
  publisher={Biometrika Trust}
}

% 166 citations

@article{haybittle1971repeated,
  title={Repeated assessment of results in clinical trials of cancer treatment},
  author={Haybittle, JL},
  journal={The British journal of radiology},
  volume={44},
  number={526},
  pages={793--797},
  year={1971},
  publisher={The British Institute of Radiology}
}

%  259 citations

@article{gould2001sample,
  title={Sample size re-estimation: recent developments and practical considerations},
  author={Gould, A Lawrence},
  journal={Statistics in Medicine},
  volume={20},
  number={17-18},
  pages={2625--2643},
  year={2001},
  publisher={Wiley Online Library}
}

% only 67 citations

@book{ibrahim2005bayesian,
  title={Bayesian survival analysis},
  author={Ibrahim, Joseph G and Chen, Ming-Hui and Sinha, Debajyoti},
  year={2005},
  publisher={Wiley Online Library}
}
 % approx 800 citations

@article{kirkwood2004pooled,
  title={A pooled analysis of eastern cooperative oncology group and intergroup trials of adjuvant high-dose interferon for melanoma},
  author={Kirkwood, John M and Manola, Judith and Ibrahim, Joseph and Sondak, Vernon and Ernstoff, Marc S and Rao, Uma},
  journal={Clinical Cancer Research},
  volume={10},
  number={5},
  pages={1670--1677},
  year={2004},
  publisher={AACR}
}

@article{george1974planning,
  title={Planning the size and duration of a clinical trial studying the time to some critical event},
  author={George, Stephen L and Desu, MM},
  journal={Journal of chronic diseases},
  volume={27},
  number={1},
  pages={15--24},
  year={1974},
  publisher={Elsevier}
}

@book{miller1981survival,
  title={Survival analysis},
  author={Miller, Rupert G},
  volume={66},
  year={1981},
  publisher={John Wiley \& Sons}
}

% 1382 citations

@article{marshall1948streptomycin,
  title={Streptomycin treatment of pulmonary tuberculosis: a Medical Research Council investigation},
  author={Marshall, G and Blacklock, JWS and Cameron, C and Capon, NB and Cruickshank, R and Gaddum, JH and Heaf, FRG and Hill, A Bradford and Houghton, LE and Hoyle, J Clifford and others},
  journal={BMJ},
  volume={2},
  number={4582},
  pages={769--782},
  year={1948}
}

@article{berkson1952survival,
  title={Survival curve for cancer patients following treatment},
  author={Berkson, Joseph and Gage, Robert P},
  journal={Journal of the American Statistical Association},
  volume={47},
  number={259},
  pages={501--515},
  year={1952},
  publisher={Taylor \& Francis Group}
}

%% 529 citations

@article{gehan1965generalized,
  title={A generalized Wilcoxon test for comparing arbitrarily singly-censored samples},
  author={Gehan, Edmund A},
  journal={Biometrika},
  volume={52},
  number={1-2},
  pages={203--223},
  year={1965},
  publisher={Biometrika Trust}
} %% 2850 citations

@article{armitage1959comparison,
  title={The comparison of survival curves},
  author={Armitage, P},
  journal={Journal of the Royal Statistical Society. Series A (General)},
  pages={279--300},
  year={1959},
  publisher={JSTOR}
}

@article{cox1959analysis,
  title={The analysis of exponentially distributed life-times with two types of failure},
  author={Cox, David R},
  journal={Journal of the Royal Statistical Society. Series B (Methodological)},
  pages={411--421},
  year={1959},
  publisher={JSTOR}
}

@article{elveback1958estimation,
  title={Estimation of survivorship in chronic disease: The “actuarial” method},
  author={Elveback, Lila},
  journal={Journal of the American Statistical Association},
  volume={53},
  number={282},
  pages={420--440},
  year={1958},
  publisher={Taylor \& Francis}
} %%  118 citations

@article{peto1972asymptotically,
  title={Asymptotically efficient rank invariant test procedures},
  author={Peto, Richard and Peto, Julian},
  journal={Journal of the Royal Statistical Society. Series A (General)},
  pages={185--207},
  year={1972},
  publisher={JSTOR}
} %% 3054 citations

@book{meyer1966probability,
  title={Probability and potentials},
  author={Meyer, Paul Andr{\'e}},
  volume={7},
  year={1966},
  publisher={Blaisdell Publishing Company Waltham (Mass.)}
}

@article{graf1999assessment,
  title={Assessment and comparison of prognostic classification schemes for survival data},
  author={Graf, Erika and Schmoor, Claudia and Sauerbrei, Willi and Schumacher, Martin},
  journal={Statistics in medicine},
  volume={18},
  number={17-18},
  pages={2529--2545},
  year={1999},
  publisher={Wiley Online Library}
}

@article{gerds2008performance,
  title={The performance of risk prediction models},
  author={Gerds, Thomas A and Cai, Tianxi and Schumacher, Martin},
  journal={Biometrical Journal},
  volume={50},
  number={4},
  pages={457--479},
  year={2008},
  publisher={Wiley Online Library}
}

@article{jiang2007biomarker,
  title={Biomarker-adaptive threshold design: a procedure for evaluating treatment with possible biomarker-defined subset effect},
  author={Jiang, Wenyu and Freidlin, Boris and Simon, Richard},
  journal={Journal of the National Cancer Institute},
  volume={99},
  number={13},
  pages={1036--1043},
  year={2007},
  publisher={Oxford University Press}
}

@article{barker2009spy,
  title={I-SPY 2: An Adaptive Breast Cancer Trial Design in the Setting of Neoadjuvant Chemotherapy},
  author={Barker, AD and Sigman, CC and Kelloff, GJ and Hylton, NM and Berry, DA and Esserman, LJ},
  journal={Clinical Pharmacology \& Therapeutics},
  volume={86},
  number={1},
  pages={97--100},
  year={2009},
  publisher={Wiley Online Library}
}

@article{spiegelhalter1994bayesian,
  title={Bayesian approaches to randomized trials},
  author={Spiegelhalter, David J and Freedman, Laurence S and Parmar, Mahesh KB},
  journal={Journal of the Royal Statistical Society. Series A (Statistics in Society)},
  pages={357--416},
  year={1994},
  publisher={JSTOR}
}
